<record><leader>00000cas a22000007a 4500</leader><controlfield tag="001">40445665</controlfield><controlfield tag="008">981205d1878189utnuwr ne      0    0eng d</controlfield><datafield ind1=" " ind2=" " tag="010"><subfield code="a">sn 98069910 </subfield></datafield><datafield ind1=" " ind2=" " tag="040"><subfield code="a">TGN</subfield><subfield code="b">eng</subfield><subfield code="c">TGN</subfield><subfield code="d">OCLCF</subfield><subfield code="d">OCLCO</subfield></datafield><datafield ind1="1" ind2=" " tag="029"><subfield code="a">AU@</subfield><subfield code="b">000014356035</subfield></datafield><datafield ind1=" " ind2=" " tag="042"><subfield code="a">msc</subfield></datafield><datafield ind1="0" ind2="4" tag="245"><subfield code="a">The Hickman pioneer.</subfield></datafield><datafield ind1=" " ind2=" " tag="260"><subfield code="a">Centreville [Centerville], Tenn. :</subfield><subfield code="b">J.F. Martin,</subfield><subfield code="c">1878-</subfield></datafield><datafield ind1=" " ind2=" " tag="300"><subfield code="a">v.</subfield></datafield><datafield ind1=" " ind2=" " tag="310"><subfield code="a">Weekly</subfield></datafield><datafield ind1="0" ind2=" " tag="362"><subfield code="a">Vol. 1, no. 1 (Jan. 25, 1878)-</subfield></datafield><datafield ind1=" " ind2=" " tag="500"><subfield code="a">Publishers: James F. Martin, 1878-&lt;1888&gt;; S.L. Neely, &lt;1890-1891&gt;; J.H. Whitson &amp; H.C. Thompson, &lt;1892&gt;; J.H. Russell &amp; Bro., &lt;1893&gt;</subfield></datafield><datafield ind1=" " ind2="0" tag="651"><subfield code="a">Centerville (Tenn.)</subfield><subfield code="v">Newspapers.</subfield></datafield><datafield ind1=" " ind2="0" tag="651"><subfield code="a">Hickman County (Tenn.)</subfield><subfield code="v">Newspapers.</subfield></datafield><datafield ind1=" " ind2="7" tag="655"><subfield code="a">Newspapers.</subfield><subfield code="2">fast</subfield><subfield code="0">(OCoLC)fst01423814</subfield></datafield><datafield ind1=" " ind2="7" tag="651"><subfield code="a">Tennessee</subfield><subfield code="z">Centerville.</subfield><subfield code="2">fast</subfield><subfield code="0">(OCoLC)fst01227044</subfield></datafield><datafield ind1=" " ind2="7" tag="651"><subfield code="a">Tennessee</subfield><subfield code="z">Hickman County.</subfield><subfield code="2">fast</subfield><subfield code="0">(OCoLC)fst01224640</subfield></datafield><datafield ind1=" " ind2=" " tag="752"><subfield code="a">United States</subfield><subfield code="b">Tennessee</subfield><subfield code="c">Hickman</subfield><subfield code="d">Centerville.</subfield></datafield></record>